<?xml version="1.0" encoding="UTF-8"?><collection xmlns="http://www.loc.gov/MARC21/slim"><record><leader>00636nam--2200193-i-4500</leader><controlfield tag="001">000009740</controlfield><controlfield tag="002">20161230</controlfield><controlfield tag="005">20161230201028</controlfield><controlfield tag="008">060222s1000------------r-----000-0-eng-d</controlfield><datafield ind1=" " ind2=" " tag="040"><subfield code="a">IFIN-HH</subfield></datafield><datafield ind1=" " ind2=" " tag="080"><subfield code="a">539.12</subfield></datafield><datafield ind1="1" ind2=" " tag="100"><subfield code="a">Chiu, C.B</subfield></datafield><datafield ind1="1" ind2="0" tag="245"><subfield code="a">Phenomenology in particle physics 1971</subfield><subfield code="b">Proceedings of the conference held at california institute of technology march 25 and 26, 1971</subfield><subfield code="c">C.b. chiu, g.c. fox, a.j.g. hey (eds.)</subfield></datafield><datafield ind1=" " ind2=" " tag="260"><subfield code="a">Pasadena, California</subfield><subfield code="b">Institute Of Technology</subfield><subfield code="c">1971</subfield></datafield><datafield ind1=" " ind2=" " tag="300"><subfield code="a">XVI + 814 P</subfield></datafield><datafield ind1=" " ind2=" " tag="490"><subfield code="a">Proceedings</subfield></datafield><datafield ind1="1" ind2=" " tag="700"><subfield code="a">Hey, A.J.G</subfield><subfield code="e">Ed</subfield></datafield><datafield ind1=" " ind2=" " tag="852"><subfield code="a">35207</subfield><subfield code="c">539.12</subfield></datafield><datafield ind1=" " ind2=" " tag="CAT"><subfield code="a">Sys</subfield><subfield code="c">20111122</subfield><subfield code="h">094725</subfield></datafield></record></collection>